<?xml version="1.0" encoding="UTF-8"?><collection xmlns="http://www.loc.gov/MARC21/slim"><record><leader>00377nam--2200145-i-4500</leader><controlfield tag="001">000006275</controlfield><controlfield tag="002">20161230</controlfield><controlfield tag="005">20161230201026</controlfield><controlfield tag="008">060222s1000------------r-----000-0-eng-d</controlfield><datafield ind1=" " ind2=" " tag="080"><subfield code="a">539.173</subfield></datafield><datafield ind1=" " ind2=" " tag="100"><subfield code="a">Cortini, G. S.A</subfield></datafield><datafield ind1=" " ind2=" " tag="245"><subfield code="a">Fission of uranium, thorium and bismuth by 20 gev protons</subfield></datafield><datafield ind1=" " ind2=" " tag="260"><subfield code="a">Rio De Janeiro, 1962 Lo P</subfield></datafield><datafield ind1=" " ind2=" " tag="490"><subfield code="a">Notas De Fisica</subfield></datafield><datafield ind1=" " ind2=" " tag="852"><subfield code="a">539.173</subfield></datafield></record></collection>